<?xml version="1.0" encoding="UTF-8"?><collection xmlns="http://www.loc.gov/MARC21/slim"><record><leader>00351nam--2200133-i-4500</leader><controlfield tag="001">000014974</controlfield><controlfield tag="002">20161230</controlfield><controlfield tag="005">20161230201031</controlfield><controlfield tag="008">060222s1000------------r-----000-0-eng-d</controlfield><datafield ind1=" " ind2=" " tag="080"><subfield code="a">681.3(038)</subfield></datafield><datafield ind1=" " ind2=" " tag="100"><subfield code="a">Chow, Wen M</subfield></datafield><datafield ind1=" " ind2=" " tag="245"><subfield code="a">Computer glossary for engineers and scientists</subfield></datafield><datafield ind1=" " ind2=" " tag="260"><subfield code="a">New York, Funk And Wagnalls, 1972. Vi + 246 P</subfield></datafield><datafield ind1=" " ind2=" " tag="852"><subfield code="a">76155</subfield></datafield></record></collection>